<?xml version="1.0" encoding="UTF-8"?><record xmlns="http://www.loc.gov/MARC21/slim" xmlns:cinclude="http://apache.org/cocoon/include/1.0" xmlns:zs="http://www.loc.gov/zing/srw/">
  <leader>00436nz  a2200133n  4500</leader>
  <controlfield tag="001">nr 94023763 </controlfield>
  <controlfield tag="003">DLC</controlfield>
  <controlfield tag="005">19940721110523.0</controlfield>
  <controlfield tag="008">940720n| acannaab|          |a aaa     c</controlfield>
  <datafield tag="010" ind1=" " ind2=" ">
    <subfield code="a">nr 94023763 </subfield>
  </datafield>
  <datafield tag="040" ind1=" " ind2=" ">
    <subfield code="a">NNC</subfield>
    <subfield code="c">NNC</subfield>
  </datafield>
  <datafield tag="100" ind1="1" ind2="0">
    <subfield code="a">Lebedeva, Nadezhda</subfield>
  </datafield>
  <datafield tag="400" ind1="1" ind2="0">
    <subfield code="a">Lebedeva, N. A.</subfield>
    <subfield code="q">(Nadezhda Aleksandrovna)</subfield>
  </datafield>
  <datafield tag="670" ind1=" " ind2=" ">
    <subfield code="a">Dusha takaiď¸ aď¸Ą, 1993:</subfield>
    <subfield code="b">t.p. (Nadezhda Lebedeva) Russian CIP (Lebedeva N. A.) colophon (Lebedeva Nadezhda Aleksandrovna)</subfield>
  </datafield>
</record>